<?xml version="1.0" encoding="UTF-8"?>
<collection xmlns="http://www.loc.gov/MARC21/slim">
  <record>
  <controlfield tag="001">1342860</controlfield>
  <controlfield tag="005">20150205155426.0</controlfield>
  <datafield tag="020" ind1=" " ind2=" ">
    <subfield code="a">978-5-94990010-9</subfield>
  </datafield>
  <datafield tag="035" ind1=" " ind2=" ">
    <subfield code="9">INSPIRETeX</subfield>
    <subfield code="a">Proceedings:2010mma</subfield>
  </datafield>
  <datafield tag="041" ind1=" " ind2=" ">
    <subfield code="a">Russian</subfield>
  </datafield>
  <datafield tag="245" ind1=" " ind2=" ">
    <subfield code="a">Proceedings, Russian Seminar on Nonlinear Fields and Relativistic Statistics in Gravitation and Cosmology, Kazan-Yalchik, Russia, 6-10 Sep 2010</subfield>
  </datafield>
  <datafield tag="260" ind1=" " ind2=" ">
    <subfield code="c">2010</subfield>
    <subfield code="t">published</subfield>
  </datafield>
  <datafield tag="595" ind1=" " ind2=" ">
    <subfield code="c">CDS</subfield>
  </datafield>
  <datafield tag="650" ind1="1" ind2="7">
    <subfield code="2">INSPIRE</subfield>
    <subfield code="a">Gravitation and Cosmology</subfield>
  </datafield>
  <datafield tag="773" ind1=" " ind2=" ">
    <subfield code="w">C10-09-06.10</subfield>
  </datafield>
  <datafield tag="856" ind1="4" ind2=" ">
    <subfield code="u">http://rgs.vniims.ru/kazan10proc.pdf</subfield>
    <subfield code="y">RGS</subfield>
  </datafield>
  <datafield tag="856" ind1="4" ind2=" ">
    <subfield code="s">7593318</subfield>
    <subfield code="u">http://inspirehep.net/record/1342860/files/kazan10proc.pdf</subfield>
  </datafield>
  <datafield tag="909" ind1="C" ind2="O">
    <subfield code="o">oai:inspirehep.net:1342860</subfield>
    <subfield code="p">CERN</subfield>
    <subfield code="p">INSPIRE:HEP</subfield>
    <subfield code="p">ForCDS</subfield>
  </datafield>
  <datafield tag="980" ind1=" " ind2=" ">
    <subfield code="a">HEP</subfield>
  </datafield>
  <datafield tag="980" ind1=" " ind2=" ">
    <subfield code="a">PROCEEDINGS</subfield>
  </datafield>
  <datafield tag="999" ind1="C" ind2="6">
    <subfield code="a">0-0-0-0-0-0-1</subfield>
    <subfield code="t">2015-02-04 14:52:26</subfield>
    <subfield code="v">Invenio/1.1.2.1260-aa76f refextract/1.5.44</subfield>
    <subfield code="v">content.pdf;1</subfield>
  </datafield>
</record>