
<record>
  <controlfield tag="001">1328941</controlfield>
  <controlfield tag="005">20150203172223.0</controlfield>
  <datafield tag="024" ind1="7" ind2=" ">
    <subfield code="2">DOI</subfield>
    <subfield code="a">10.1103/PhysRevD.91.021302</subfield>
  </datafield>
  <datafield tag="035" ind1=" " ind2=" ">
    <subfield code="9">INSPIRETeX</subfield>
    <subfield code="a">Ellis:2014dxa</subfield>
  </datafield>
  <datafield tag="035" ind1=" " ind2=" ">
    <subfield code="9">DESY</subfield>
    <subfield code="z">DA14-kp48q</subfield>
  </datafield>
  <datafield tag="035" ind1=" " ind2=" ">
    <subfield code="9">arXiv</subfield>
    <subfield code="a">oai:arXiv.org:1411.5537</subfield>
  </datafield>
  <datafield tag="037" ind1=" " ind2=" ">
    <subfield code="a">KCL-PH-TH-2014-48</subfield>
  </datafield>
  <datafield tag="037" ind1=" " ind2=" ">
    <subfield code="a">LCTS-2014-49</subfield>
  </datafield>
  <datafield tag="037" ind1=" " ind2=" ">
    <subfield code="a">CERN-PH-TH-2014-230</subfield>
  </datafield>
  <datafield tag="037" ind1=" " ind2=" ">
    <subfield code="9">arXiv</subfield>
    <subfield code="a">arXiv:1411.5537</subfield>
    <subfield code="c">hep-ph</subfield>
  </datafield>
  <datafield tag="084" ind1=" " ind2=" ">
    <subfield code="2">PACS</subfield>
    <subfield code="a">98.80.Cq</subfield>
  </datafield>
  <datafield tag="084" ind1=" " ind2=" ">
    <subfield code="2">PACS</subfield>
    <subfield code="a">04.65.+e</subfield>
  </datafield>
  <datafield tag="084" ind1=" " ind2=" ">
    <subfield code="2">PACS</subfield>
    <subfield code="a">12.10.-g</subfield>
  </datafield>
  <datafield tag="084" ind1=" " ind2=" ">
    <subfield code="2">PACS</subfield>
    <subfield code="a">12.60.Jv</subfield>
  </datafield>
  <datafield tag="100" ind1=" " ind2=" ">
    <subfield code="a">Ellis, John</subfield>
    <subfield code="u">CERN</subfield>
    <subfield code="u">King's Coll, London</subfield>
  </datafield>
  <datafield tag="245" ind1=" " ind2=" ">
    <subfield code="a">New Higgs Inflation in a No-Scale Supersymmetric SU(5) GUT</subfield>
    <subfield code="9">arXiv</subfield>
  </datafield>
  <datafield tag="246" ind1=" " ind2=" ">
    <subfield code="9">arXiv</subfield>
    <subfield code="a">New Higgs Inflation in a No-Scale Supersymmetric SU(5) GUT</subfield>
  </datafield>
  <datafield tag="260" ind1=" " ind2=" ">
    <subfield code="c">2015-01-21</subfield>
    <subfield code="t">published</subfield>
  </datafield>
  <datafield tag="269" ind1=" " ind2=" ">
    <subfield code="c">2014-11-20</subfield>
  </datafield>
  <datafield tag="300" ind1=" " ind2=" ">
    <subfield code="a">6</subfield>
  </datafield>
  <datafield tag="500" ind1=" " ind2=" ">
    <subfield code="a">PRD-Rapid Communication, final version, 6pp, only minor rewordings and Refs added</subfield>
    <subfield code="9">arXiv</subfield>
  </datafield>
  <datafield tag="520" ind1=" " ind2=" ">
    <subfield code="a">Higgs inflation is attractive because it identifies the inflaton with the electroweak Higgs boson. In this work, we construct a new class of supersymmetric Higgs inflationary models in the no-scale supergravity with an SU(5) GUT group. Extending the no-scale Kahler potential and SU(5) GUT superpotential, we derive a generic potential for Higgs inflation that includes the quadratic monomial potential and a Starobinsky-type potential as special limits. This type of models can accommodate a wide range of the tensor-to-scalar ratio $r = O(10^{-3}-10^{-1})$, as well as a scalar spectral index $n_s \sim 0.96$.</subfield>
    <subfield code="9">arXiv</subfield>
  </datafield>
  <datafield tag="520" ind1=" " ind2=" ">
    <subfield code="a">&lt;p&gt;Higgs inflation is attractive because it identifies inflaton with the electroweak Higgs boson. In this work, we construct a new class of supersymmetric Higgs inflationary models in no-scale supergravity with an SU(5) grand unified theory (GUT) group. Extending the no-scale Kähler potential and SU(5) GUT superpotential, we derive a generic potential for Higgs inflation that includes the quadratic monomial potential and a Starobinsky-type potential as special limits. This type of models can accommodate a wide range of the tensor-to-scalar ratio &lt;inline-formula&gt;&lt;mml:math display="inline"&gt;&lt;mml:mi&gt;r&lt;/mml:mi&gt;&lt;mml:mo&gt;=&lt;/mml:mo&gt;&lt;mml:mrow&gt;&lt;mml:mi mathvariant="script"&gt;O&lt;/mml:mi&gt;&lt;mml:mo stretchy="false"&gt;(&lt;/mml:mo&gt;&lt;mml:mrow&gt;&lt;mml:msup&gt;&lt;mml:mn&gt;10&lt;/mml:mn&gt;&lt;mml:mrow&gt;&lt;mml:mo&gt;-&lt;/mml:mo&gt;&lt;mml:mn&gt;3&lt;/mml:mn&gt;&lt;/mml:mrow&gt;&lt;/mml:msup&gt;&lt;mml:mo&gt;−&lt;/mml:mo&gt;&lt;mml:msup&gt;&lt;mml:mn&gt;10&lt;/mml:mn&gt;&lt;mml:mrow&gt;&lt;mml:mo&gt;-&lt;/mml:mo&gt;&lt;mml:mn&gt;1&lt;/mml:mn&gt;&lt;/mml:mrow&gt;&lt;/mml:msup&gt;&lt;/mml:mrow&gt;&lt;mml:mo stretchy="false"&gt;)&lt;/mml:mo&gt;&lt;/mml:mrow&gt;&lt;/mml:math&gt;&lt;/inline-formula&gt; as well as a scalar spectral index &lt;inline-formula&gt;&lt;mml:math display="inline"&gt;&lt;mml:mrow&gt;&lt;mml:msub&gt;&lt;mml:mrow&gt;&lt;mml:mi&gt;n&lt;/mml:mi&gt;&lt;/mml:mrow&gt;&lt;mml:mrow&gt;&lt;mml:mi&gt;s&lt;/mml:mi&gt;&lt;/mml:mrow&gt;&lt;/mml:msub&gt;&lt;mml:mo&gt;∼&lt;/mml:mo&gt;&lt;mml:mn&gt;0.96&lt;/mml:mn&gt;&lt;/mml:mrow&gt;&lt;/mml:math&gt;&lt;/inline-formula&gt;.&lt;/p&gt;</subfield>
    <subfield code="9">APS</subfield>
  </datafield>
  <datafield tag="540" ind1=" " ind2=" ">
    <subfield code="b">arXiv</subfield>
    <subfield code="u">http://arxiv.org/licenses/nonexclusive-distrib/1.0/</subfield>
  </datafield>
  <datafield tag="541" ind1=" " ind2=" ">
    <subfield code="a">arxiv</subfield>
    <subfield code="c">OAI</subfield>
  </datafield>
  <datafield tag="542" ind1=" " ind2=" ">
    <subfield code="d">authors</subfield>
    <subfield code="g">2015</subfield>
    <subfield code="e">Article</subfield>
  </datafield>
  <datafield tag="595" ind1=" " ind2="D">
    <subfield code="a">R</subfield>
    <subfield code="d">2014-11-27</subfield>
    <subfield code="s">abs</subfield>
  </datafield>
  <datafield tag="595" ind1=" " ind2="D">
    <subfield code="a">R</subfield>
    <subfield code="d">2014-11-30</subfield>
    <subfield code="s">printed</subfield>
  </datafield>
  <datafield tag="595" ind1=" " ind2="D">
    <subfield code="a">R</subfield>
    <subfield code="d">2014-12-09</subfield>
    <subfield code="s">final</subfield>
  </datafield>
  <datafield tag="650" ind1="1" ind2="7">
    <subfield code="2">arXiv</subfield>
    <subfield code="a">hep-ph</subfield>
  </datafield>
  <datafield tag="650" ind1="1" ind2="7">
    <subfield code="2">INSPIRE</subfield>
    <subfield code="a">Phenomenology-HEP</subfield>
  </datafield>
  <datafield tag="650" ind1="1" ind2="7">
    <subfield code="2">arXiv</subfield>
    <subfield code="a">astro-ph.CO</subfield>
  </datafield>
  <datafield tag="650" ind1="1" ind2="7">
    <subfield code="2">INSPIRE</subfield>
    <subfield code="a">Astrophysics</subfield>
  </datafield>
  <datafield tag="650" ind1="1" ind2="7">
    <subfield code="2">arXiv</subfield>
    <subfield code="a">hep-th</subfield>
  </datafield>
  <datafield tag="650" ind1="1" ind2="7">
    <subfield code="2">INSPIRE</subfield>
    <subfield code="a">Theory-HEP</subfield>
  </datafield>
  <datafield tag="695" ind1=" " ind2=" ">
    <subfield code="2">INSPIRE</subfield>
    <subfield code="a">new physics</subfield>
  </datafield>
  <datafield tag="695" ind1=" " ind2=" ">
    <subfield code="2">INSPIRE</subfield>
    <subfield code="a">supersymmetry</subfield>
  </datafield>
  <datafield tag="695" ind1=" " ind2=" ">
    <subfield code="2">INSPIRE</subfield>
    <subfield code="a">supergravity</subfield>
  </datafield>
  <datafield tag="695" ind1=" " ind2=" ">
    <subfield code="2">INSPIRE</subfield>
    <subfield code="a">inflation: model</subfield>
  </datafield>
  <datafield tag="695" ind1=" " ind2=" ">
    <subfield code="2">INSPIRE</subfield>
    <subfield code="a">inflaton: Higgs particle</subfield>
  </datafield>
  <datafield tag="695" ind1=" " ind2=" ">
    <subfield code="2">INSPIRE</subfield>
    <subfield code="a">potential: Higgs</subfield>
  </datafield>
  <datafield tag="695" ind1=" " ind2=" ">
    <subfield code="2">INSPIRE</subfield>
    <subfield code="a">potential: scalar</subfield>
  </datafield>
  <datafield tag="695" ind1=" " ind2=" ">
    <subfield code="2">INSPIRE</subfield>
    <subfield code="a">potential: Kaehler</subfield>
  </datafield>
  <datafield tag="695" ind1=" " ind2=" ">
    <subfield code="2">INSPIRE</subfield>
    <subfield code="a">grand unified theory: SU(5)</subfield>
  </datafield>
  <datafield tag="700" ind1=" " ind2=" ">
    <subfield code="a">He, Hong-Jian</subfield>
    <subfield code="u">Peking U., CHEP</subfield>
    <subfield code="u">Tsinghua U., Beijing</subfield>
    <subfield code="u">Tsinghua U., Beijing, CHEP</subfield>
  </datafield>
  <datafield tag="700" ind1=" " ind2=" ">
    <subfield code="a">Xianyu, Zhong-Zhi</subfield>
    <subfield code="u">Peking U., CHEP</subfield>
    <subfield code="u">Tsinghua U., Beijing</subfield>
    <subfield code="u">Tsinghua U., Beijing, CHEP</subfield>
  </datafield>
  <datafield tag="773" ind1=" " ind2=" ">
    <subfield code="x">Phys. Rev. D 91 (2015) 021302 (Rapid Communication)</subfield>
    <subfield code="v">D91</subfield>
    <subfield code="p">Phys.Rev.</subfield>
    <subfield code="y">2015</subfield>
    <subfield code="c">021302</subfield>
  </datafield>
  <datafield tag="856" ind1="4" ind2=" ">
    <subfield code="s">422193</subfield>
    <subfield code="u">http://inspirehep.net/record/1328941/files/arXiv:1411.5537.pdf</subfield>
  </datafield>
  <datafield tag="856" ind1="4" ind2=" ">
    <subfield code="s">7992</subfield>
    <subfield code="u">http://inspirehep.net/record/1328941/files/fig1a.png</subfield>
    <subfield code="y">00000 \it The predictions of our no-scale SUSY GUT model of Higgs inflation for the spectral index $\,n_s^{}$ and tensor-to-scalar ratio $\,r\,$.\, The green (yellow) dots and curves represent predictions with 50\,(60) $e$-foldings. In plot (a), the condition $\,\be_2^{}=\fr{1}{3}\be_1^{}(1-\zeta)u^2$\, is imposed and the round (square) dots correspond to $\,\zeta =0~(\zeta =1)$.\, The horizontal strips attached to the lower round dots correspond to the effect of varying $\,\zeta\in [0, 0.1]\,$ (from right to left), while the upper strips attached to the square dots depict the effect of varying $\,\zeta\in [0.9, 1]\,$ (from left to right). In plot (b), the three pairs of dots from top to bottom correspond to $\,\zeta =(1,\,0.98,\,0.95)$\, and $\,\de=0\,$.\, The strip attached to each round dot describes the effect of varying $\,\de\,$ over the range $\,\pm \, (1.2 \!\times\! 10^{-3})\,$,\, via the shifted relation $\,\be_2^{}=\fr{1}{3}\be_1^{}(1-\zeta+\de )u^2$.\, In each plot, the shaded red and blue (pink and light-blue) contours represent the observational limits at 68\% (\,95\%\,) confidence level as given by Ref.\,\cite{cmb2}.</subfield>
  </datafield>
  <datafield tag="856" ind1="4" ind2=" ">
    <subfield code="s">8496</subfield>
    <subfield code="u">http://inspirehep.net/record/1328941/files/fig1b.png</subfield>
    <subfield code="y">00001 \it The predictions of our no-scale SUSY GUT model of Higgs inflation for the spectral index $\,n_s^{}$ and tensor-to-scalar ratio $\,r\,$.\, The green (yellow) dots and curves represent predictions with 50\,(60) $e$-foldings. In plot (a), the condition $\,\be_2^{}=\fr{1}{3}\be_1^{}(1-\zeta)u^2$\, is imposed and the round (square) dots correspond to $\,\zeta =0~(\zeta =1)$.\, The horizontal strips attached to the lower round dots correspond to the effect of varying $\,\zeta\in [0, 0.1]\,$ (from right to left), while the upper strips attached to the square dots depict the effect of varying $\,\zeta\in [0.9, 1]\,$ (from left to right). In plot (b), the three pairs of dots from top to bottom correspond to $\,\zeta =(1,\,0.98,\,0.95)$\, and $\,\de=0\,$.\, The strip attached to each round dot describes the effect of varying $\,\de\,$ over the range $\,\pm \, (1.2 \!\times\! 10^{-3})\,$,\, via the shifted relation $\,\be_2^{}=\fr{1}{3}\be_1^{}(1-\zeta+\de )u^2$.\, In each plot, the shaded red and blue (pink and light-blue) contours represent the observational limits at 68\% (\,95\%\,) confidence level as given by Ref.\,\cite{cmb2}.</subfield>
  </datafield>
  <datafield tag="909" ind1="C" ind2="O">
    <subfield code="o">oai:inspirehep.net:1328941</subfield>
    <subfield code="p">CERN</subfield>
    <subfield code="p">INSPIRE:HEP</subfield>
    <subfield code="p">CERN:arXiv</subfield>
  </datafield>
  <datafield tag="980" ind1=" " ind2=" ">
    <subfield code="a">CORE</subfield>
  </datafield>
  <datafield tag="980" ind1=" " ind2=" ">
    <subfield code="a">arXiv</subfield>
  </datafield>
  <datafield tag="980" ind1=" " ind2=" ">
    <subfield code="a">Citeable</subfield>
  </datafield>
  <datafield tag="980" ind1=" " ind2=" ">
    <subfield code="a">HEP</subfield>
  </datafield>
  <datafield tag="980" ind1=" " ind2=" ">
    <subfield code="a">Published</subfield>
  </datafield>
  <datafield tag="999" ind1="C" ind2="6">
    <subfield code="a">0-0-0-0-0-0-1</subfield>
    <subfield code="t">2014-12-24 03:47:23</subfield>
    <subfield code="v">Invenio/1.1.2.1260-aa76f refextract/1.5.44</subfield>
    <subfield code="v">content.pdf;2</subfield>
  </datafield>
  <datafield tag="999" ind1="C" ind2="5">
    <subfield code="h">A. D. Linde</subfield>
    <subfield code="m">For reviews Particle Physics and Inflationary Cosmology (Harwood, Chur, Switzerland,)</subfield>
    <subfield code="o">1</subfield>
    <subfield code="y">1990</subfield>
  </datafield>
  <datafield tag="999" ind1="C" ind2="5">
    <subfield code="0">284522</subfield>
    <subfield code="h">K. A. Olive</subfield>
    <subfield code="o">1</subfield>
    <subfield code="s">Phys.Rept.,190,307</subfield>
    <subfield code="y">1990</subfield>
  </datafield>
  <datafield tag="999" ind1="C" ind2="5">
    <subfield code="0">472934</subfield>
    <subfield code="h">D. H. Lyth and A. Riotto</subfield>
    <subfield code="o">1</subfield>
    <subfield code="s">Phys.Rept.,314,1</subfield>
    <subfield code="y">1999</subfield>
  </datafield>
  <datafield tag="999" ind1="C" ind2="5">
    <subfield code="0">1223966</subfield>
    <subfield code="h">J. Martin, C. Ringeval, and V. Vennin</subfield>
    <subfield code="m">Phys. Dark Univ</subfield>
    <subfield code="o">1</subfield>
    <subfield code="r">arXiv:1303.3787 [astro-ph.CO]</subfield>
    <subfield code="y">2014</subfield>
  </datafield>
  <datafield tag="999" ind1="C" ind2="5">
    <subfield code="m">and references therein</subfield>
    <subfield code="o">1</subfield>
  </datafield>
  <datafield tag="999" ind1="C" ind2="5">
    <subfield code="0">1224747</subfield>
    <subfield code="h">P. A. R. Ade et al.</subfield>
    <subfield code="m">(Planck Collaboration)</subfield>
    <subfield code="o">2</subfield>
    <subfield code="r">arXiv:1303.5082 [astro-ph.CO]</subfield>
  </datafield>
  <datafield tag="999" ind1="C" ind2="5">
    <subfield code="0">1286113</subfield>
    <subfield code="h">P. A. R. Ade et al.</subfield>
    <subfield code="m">(BICEP2 Collaboration)</subfield>
    <subfield code="o">3</subfield>
    <subfield code="r">arXiv:1403.3985 [astro-ph.CO]</subfield>
    <subfield code="s">Phys.Rev.Lett.,112,241101</subfield>
    <subfield code="y">2014</subfield>
  </datafield>
  <datafield tag="999" ind1="C" ind2="5">
    <subfield code="0">764869</subfield>
    <subfield code="h">F. L. Bezrukov and M. Shaposhnikov</subfield>
    <subfield code="o">4</subfield>
    <subfield code="r">arXiv:0710.3755</subfield>
    <subfield code="s">Phys.Lett.,B659,703</subfield>
    <subfield code="y">2008</subfield>
  </datafield>
  <datafield tag="999" ind1="C" ind2="5">
    <subfield code="0">1241401</subfield>
    <subfield code="h">F. Bezrukov</subfield>
    <subfield code="m">For a recent review</subfield>
    <subfield code="o">4</subfield>
    <subfield code="r">arXiv:1307.0708</subfield>
    <subfield code="s">Class.Quant.Grav.,30,214001</subfield>
    <subfield code="y">2013</subfield>
  </datafield>
  <datafield tag="999" ind1="C" ind2="5">
    <subfield code="m">and references therein</subfield>
    <subfield code="o">4</subfield>
  </datafield>
  <datafield tag="999" ind1="C" ind2="5">
    <subfield code="0">764043</subfield>
    <subfield code="h">J. R. Espinosa, G. Giudice, and A. Riotto</subfield>
    <subfield code="o">5</subfield>
    <subfield code="r">arXiv:0710.2484</subfield>
    <subfield code="s">JCAP,0805,002</subfield>
    <subfield code="y">2008</subfield>
  </datafield>
  <datafield tag="999" ind1="C" ind2="5">
    <subfield code="0">822277</subfield>
    <subfield code="h">J. Ellis, J. R. Espinosa, G. F. Giudice, A. Hoecker and A. Riotto</subfield>
    <subfield code="o">5</subfield>
    <subfield code="r">arXiv:0906.0954 [hep-ph]</subfield>
    <subfield code="s">Phys.Lett.,B679,369</subfield>
    <subfield code="y">2009</subfield>
  </datafield>
  <datafield tag="999" ind1="C" ind2="5">
    <subfield code="0">1242456</subfield>
    <subfield code="h">D. Buttazzo, G. Degrassi, P. P. Giardino, G. F. Giudice, F. Sala, A. Salvio, and A. Strumia</subfield>
    <subfield code="o">5</subfield>
    <subfield code="r">arXiv:1307.3536</subfield>
    <subfield code="s">JHEP,1312,089</subfield>
    <subfield code="y">2013</subfield>
  </datafield>
  <datafield tag="999" ind1="C" ind2="5">
    <subfield code="0">1287337</subfield>
    <subfield code="h">M. Fairbairn and R. Hogan</subfield>
    <subfield code="o">5</subfield>
    <subfield code="s">Phys.Rev.Lett.,112,201801</subfield>
    <subfield code="y">2014</subfield>
  </datafield>
  <datafield tag="999" ind1="C" ind2="5">
    <subfield code="0">1291261</subfield>
    <subfield code="h">A. Kobakhidze and A. Spencer-Smith</subfield>
    <subfield code="o">5</subfield>
    <subfield code="r">arXiv:1404.4709</subfield>
  </datafield>
  <datafield tag="999" ind1="C" ind2="5">
    <subfield code="0">1292064</subfield>
    <subfield code="h">A. Hook, J. Kearney, B. Shakya and K. M. Zurek</subfield>
    <subfield code="o">5</subfield>
    <subfield code="r">arXiv:1404.5953 [hep-ph]</subfield>
  </datafield>
  <datafield tag="999" ind1="C" ind2="5">
    <subfield code="0">1294926</subfield>
    <subfield code="h">A. Spencer-Smith</subfield>
    <subfield code="m">and references therein</subfield>
    <subfield code="o">5</subfield>
    <subfield code="r">arXiv:1405.1975</subfield>
  </datafield>
  <datafield tag="999" ind1="C" ind2="5">
    <subfield code="0">538119</subfield>
    <subfield code="h">J. Ellis and D. Ross</subfield>
    <subfield code="m">[arXiv:</subfield>
    <subfield code="o">6</subfield>
    <subfield code="r">hep-ph/0012067</subfield>
    <subfield code="s">Phys.Lett.,B506,331</subfield>
    <subfield code="y">2001</subfield>
  </datafield>
  <datafield tag="999" ind1="C" ind2="5">
    <subfield code="0">1298376</subfield>
    <subfield code="h">H. J. He and Z. Z. Xianyu</subfield>
    <subfield code="o">7</subfield>
    <subfield code="r">arXiv:1405.7331</subfield>
    <subfield code="s">JCAP,1410,019</subfield>
    <subfield code="y">2014</subfield>
  </datafield>
  <datafield tag="999" ind1="C" ind2="5">
    <subfield code="0">840069</subfield>
    <subfield code="h">M. B. Einhorn and D. R. T. Jones</subfield>
    <subfield code="o">8</subfield>
    <subfield code="r">arXiv:0912.2718</subfield>
    <subfield code="s">JHEP,1003,026</subfield>
    <subfield code="y">2010</subfield>
  </datafield>
  <datafield tag="999" ind1="C" ind2="5">
    <subfield code="0">1291378</subfield>
    <subfield code="h">L. E. Ibanez and I. Valenzuela</subfield>
    <subfield code="m">Some recent papers have considered MSSM Higgs inflation with nonminimal Kähler potential and high-scale soft SUSY breaking (∼ 1013 GeV) as well as minimal Higgs coupling to gravity</subfield>
    <subfield code="o">9</subfield>
    <subfield code="r">arXiv:1404.5235 [hep-th]</subfield>
    <subfield code="s">Phys.Lett.,B736,226</subfield>
    <subfield code="y">2014</subfield>
  </datafield>
  <datafield tag="999" ind1="C" ind2="5">
    <subfield code="0">1328930</subfield>
    <subfield code="h">L. E. Ibanez, F. Marchesano, and I. Valenzuela</subfield>
    <subfield code="o">9</subfield>
    <subfield code="r">arXiv:1411.5380 [hep-th]</subfield>
  </datafield>
  <datafield tag="999" ind1="C" ind2="5">
    <subfield code="0">851022</subfield>
    <subfield code="h">S. Ferrara, R. Kallosh, A. Linde, A. Marrani, and A. V. Proeyen</subfield>
    <subfield code="o">10</subfield>
    <subfield code="r">arXiv:1004.0712 [hep-th]</subfield>
    <subfield code="s">Phys.Rev.,D82,045003</subfield>
    <subfield code="y">2010</subfield>
  </datafield>
  <datafield tag="999" ind1="C" ind2="5">
    <subfield code="0">865458</subfield>
    <subfield code="h">S. Ferrara, R. Kallosh, A. Linde, A. Marrani, and A. V. Proeyen</subfield>
    <subfield code="o">11</subfield>
    <subfield code="r">arXiv:1008.2942 [hep-th]</subfield>
    <subfield code="s">Phys.Rev.,D83,025008</subfield>
    <subfield code="y">2011</subfield>
  </datafield>
  <datafield tag="999" ind1="C" ind2="5">
    <subfield code="0">919744</subfield>
    <subfield code="h">M. Arai, S. Kawai, and N. Okada</subfield>
    <subfield code="o">12</subfield>
    <subfield code="r">arXiv:1107.4767</subfield>
    <subfield code="s">Phys.Rev.,D84,123515</subfield>
    <subfield code="y">2011</subfield>
  </datafield>
  <datafield tag="999" ind1="C" ind2="5">
    <subfield code="0">38299</subfield>
    <subfield code="h">G. Dvali, Q. Shafi, and R. K. Schaefer</subfield>
    <subfield code="m">[arXiv:</subfield>
    <subfield code="o">13</subfield>
    <subfield code="r">hep-ph/9406319</subfield>
    <subfield code="s">Phys.Rev.Lett.,73,1886</subfield>
    <subfield code="y">1994</subfield>
  </datafield>
  <datafield tag="999" ind1="C" ind2="5">
    <subfield code="0">1282425</subfield>
    <subfield code="h">M. Civiletti, C. Pallis, and Q. Shafi</subfield>
    <subfield code="o">13</subfield>
    <subfield code="r">arXiv:1402.6254</subfield>
    <subfield code="s">Phys.Lett.,B733,276</subfield>
    <subfield code="y">2014</subfield>
  </datafield>
  <datafield tag="999" ind1="C" ind2="5">
    <subfield code="0">1297188</subfield>
    <subfield code="h">F. Brummer, V. Domcke, and V. Sanz</subfield>
    <subfield code="o">14</subfield>
    <subfield code="r">arXiv:1405.4868</subfield>
    <subfield code="s">JCAP,1408,066</subfield>
    <subfield code="y">2014</subfield>
  </datafield>
  <datafield tag="999" ind1="C" ind2="5">
    <subfield code="0">1232059</subfield>
    <subfield code="h">J. Ellis, D. V. Nanopoulos, and K. A. Olive</subfield>
    <subfield code="o">15</subfield>
    <subfield code="r">arXiv:1305.1247 [hep-th]</subfield>
    <subfield code="s">Phys.Rev.Lett.,111,111301</subfield>
    <subfield code="y">2013</subfield>
  </datafield>
  <datafield tag="999" ind1="C" ind2="5">
    <subfield code="0">1242423</subfield>
    <subfield code="m">;</subfield>
    <subfield code="o">15</subfield>
    <subfield code="r">arXiv:1307.3537 [hep-th]</subfield>
    <subfield code="s">JCAP,1310,009</subfield>
    <subfield code="y">2013</subfield>
  </datafield>
  <datafield tag="999" ind1="C" ind2="5">
    <subfield code="0">1227529</subfield>
    <subfield code="h">M. Cicoli, S. de Alwis, and A. Westphal</subfield>
    <subfield code="m">For discussions of moduli stabilisation in the string framework, see: and references therein</subfield>
    <subfield code="o">16</subfield>
    <subfield code="r">arXiv:1304.1809 [hep-th]</subfield>
    <subfield code="s">JHEP,1310,199</subfield>
    <subfield code="y">2013</subfield>
  </datafield>
  <datafield tag="999" ind1="C" ind2="5">
    <subfield code="0">157549</subfield>
    <subfield code="h">A. A. Starobinsky</subfield>
    <subfield code="o">17</subfield>
    <subfield code="s">Phys.Lett.,B91,99</subfield>
    <subfield code="y">1980</subfield>
  </datafield>
  <datafield tag="999" ind1="C" ind2="5">
    <subfield code="0">170051</subfield>
    <subfield code="h">V. F. Mukhanov and G. V. Chibisov</subfield>
    <subfield code="o">17</subfield>
    <subfield code="s">JETP Lett.,33,532</subfield>
    <subfield code="s">Pisma Zh.Eksp.Teor.Fiz.,33,549</subfield>
    <subfield code="y">1981</subfield>
  </datafield>
  <datafield tag="999" ind1="C" ind2="5">
    <subfield code="0">1287719</subfield>
    <subfield code="h">J. Ellis, M. A. G. Garcia, D. V. Nanopoulos, and K. A. Olive</subfield>
    <subfield code="o">18</subfield>
    <subfield code="r">arXiv:1403.7518</subfield>
    <subfield code="s">JCAP,1405,037</subfield>
    <subfield code="y">2014</subfield>
  </datafield>
  <datafield tag="999" ind1="C" ind2="5">
    <subfield code="0">1293792</subfield>
    <subfield code="m">;</subfield>
    <subfield code="o">18</subfield>
    <subfield code="r">arXiv:1405.0271</subfield>
    <subfield code="s">JCAP,1408,044</subfield>
    <subfield code="y">2014</subfield>
  </datafield>
  <datafield tag="999" ind1="C" ind2="5">
    <subfield code="0">1319280</subfield>
    <subfield code="m">; and</subfield>
    <subfield code="o">18</subfield>
    <subfield code="r">arXiv:1409.8197 [hep-ph]</subfield>
  </datafield>
  <datafield tag="999" ind1="C" ind2="5">
    <subfield code="0">200727</subfield>
    <subfield code="h">J. Ellis, C. Kounnas and D. V. Nanopoulos</subfield>
    <subfield code="o">19</subfield>
    <subfield code="s">Nucl.Phys.,B247,373</subfield>
    <subfield code="y">1984</subfield>
  </datafield>
  <datafield tag="999" ind1="C" ind2="5">
    <subfield code="0">213124</subfield>
    <subfield code="h">E. Witten</subfield>
    <subfield code="o">20</subfield>
    <subfield code="s">Phys.Lett.,B155,151</subfield>
    <subfield code="y">1985</subfield>
  </datafield>
  <datafield tag="999" ind1="C" ind2="5">
    <subfield code="0">230040</subfield>
    <subfield code="h">A. Lahanas and D. V. Nanopoulos</subfield>
    <subfield code="o">21</subfield>
    <subfield code="s">Phys.Rept.,145,1</subfield>
    <subfield code="y">1987</subfield>
  </datafield>
  <datafield tag="999" ind1="C" ind2="5">
    <subfield code="m">and references therein</subfield>
    <subfield code="o">21</subfield>
  </datafield>
  <datafield tag="999" ind1="C" ind2="5">
    <subfield code="m">We do not discuss here two- or multi-field effects [23], which would tend to suppress r</subfield>
    <subfield code="o">22</subfield>
  </datafield>
  <datafield tag="999" ind1="C" ind2="5">
    <subfield code="0">1328762</subfield>
    <subfield code="h">S. Kawai and J. Kim</subfield>
    <subfield code="m">and references therein</subfield>
    <subfield code="o">23</subfield>
    <subfield code="r">arXiv:1411.5188 [hep-ph]</subfield>
  </datafield>
  <datafield tag="999" ind1="C" ind2="5">
    <subfield code="0">474464</subfield>
    <subfield code="h">T. Goto and T. Nihei</subfield>
    <subfield code="m">E.g</subfield>
    <subfield code="o">24</subfield>
    <subfield code="r">hep-ph/9808255</subfield>
    <subfield code="s">Phys.Rev.,D59,115009</subfield>
    <subfield code="y">1999</subfield>
  </datafield>
  <datafield tag="999" ind1="C" ind2="5">
    <subfield code="0">561441</subfield>
    <subfield code="h">H. Murayama and A. Pierce</subfield>
    <subfield code="o">24</subfield>
    <subfield code="r">hep-ph/0108104</subfield>
    <subfield code="s">Phys.Rev.,D65,055009</subfield>
    <subfield code="y">2002</subfield>
  </datafield>
  <datafield tag="999" ind1="C" ind2="5">
    <subfield code="m">If, instead of the last two quartic terms in the superpotential WH of (4), we had used a more conventional trilinear term H1ΣH2, the amplitude of scalar perturbations would have required ∼ which would have implied Mc 1010 GeV. Avoiding such a rather low mass Mc was in fact our principal motivation for imposing the Z2 symmetry discussed earlier</subfield>
    <subfield code="o">25</subfield>
    <subfield code="s">,10,6</subfield>
  </datafield>
  <datafield tag="999" ind1="C" ind2="5">
    <subfield code="m">The effective mass Mcc calculated here should not be confused with the color-triplet Higgs mass Mc computed earlier. The mass Mc was derived in the GUT-breaking vacuum, whereas Mcc is evaluated at χ = 0, and is valid for X ∼ O(1)</subfield>
    <subfield code="o">26</subfield>
  </datafield>
</record>
</collection>
